<record><leader>00000cas a22000007a 4500</leader><controlfield tag="001">12566267</controlfield><controlfield tag="008">850917d18251825nyuwr ne      0    0eng d</controlfield><datafield ind1=" " ind2=" " tag="010"><subfield code="a">sn 85026779 </subfield></datafield><datafield ind1=" " ind2=" " tag="040"><subfield code="a">NPX</subfield><subfield code="b">eng</subfield><subfield code="c">NPX</subfield><subfield code="d">OCLCQ</subfield></datafield><datafield ind1=" " ind2=" " tag="042"><subfield code="a">msc</subfield></datafield><datafield ind1="0" ind2="4" tag="245"><subfield code="a">The Newport patriot. And, Orleans County recorder.</subfield></datafield><datafield ind1=" " ind2=" " tag="260"><subfield code="a">Newport [i.e. Albion], N.Y. :</subfield><subfield code="b">F. Cowdery</subfield></datafield><datafield ind1=" " ind2=" " tag="300"><subfield code="a">v.</subfield></datafield><datafield ind1=" " ind2=" " tag="310"><subfield code="a">Weekly</subfield></datafield><datafield ind1="1" ind2=" " tag="362"><subfield code="a">Began in 1825.</subfield></datafield><datafield ind1="1" ind2=" " tag="362"><subfield code="a">Ceased in 1825.</subfield><subfield code="z">Cf. French, J.H. Gazetteer of the state of New York, 1860.</subfield></datafield><datafield ind1=" " ind2=" " tag="500"><subfield code="a">Editor: Franklin Cowdery.</subfield></datafield><datafield ind1=" " ind2=" " tag="580"><subfield code="a">Continued by: Orleans advocate. Cf. French, J.H. Gazetteer of the state of N.Y., 1860.</subfield></datafield><datafield ind1=" " ind2=" " tag="588"><subfield code="a">Description based on: Vol. 2, no. 17 (Apr. 29, 1825).</subfield></datafield><datafield ind1=" " ind2=" " tag="752"><subfield code="a">United States</subfield><subfield code="b">New York</subfield><subfield code="c">Orleans</subfield><subfield code="d">Albion.</subfield></datafield><datafield ind1=" " ind2=" " tag="752"><subfield code="a">United States</subfield><subfield code="b">New York</subfield><subfield code="c">Orleans</subfield><subfield code="d">Newport.</subfield></datafield><datafield ind1="0" ind2="0" tag="780"><subfield code="t">Newport patriot</subfield><subfield code="w">(DLC)sn 85026778</subfield></datafield><datafield ind1="1" ind2="0" tag="785"><subfield code="t">Orleans advocate</subfield><subfield code="w">(DLC)sn 84031181</subfield></datafield><datafield ind1="1" ind2=" " tag="029"><subfield code="a">AU@</subfield><subfield code="b">000025830661</subfield></datafield></record>